<record xmlns="http://www.loc.gov/MARC21/slim" xmlns:xsi="http://www.w3.org/2001/XMLSchema-instance" xsi:schemaLocation="http://www.loc.gov/MARC21/slim http://www.loc.gov/standards/marcxml/schema/MARC21slim.xsd"><leader>01414cz   2200277n  4500</leader><controlfield tag="001">oca01128408 </controlfield><controlfield tag="005">19980106052335.8</controlfield><controlfield tag="008">840516n| acannaab|          |a aaa      </controlfield><datafield ind1=" " ind2=" " tag="010"><subfield code="a">n  84068210 </subfield></datafield><datafield ind1=" " ind2=" " tag="040"><subfield code="a">DLC</subfield><subfield code="c">DLC</subfield><subfield code="d">DLC</subfield><subfield code="d">WaOLN</subfield></datafield><datafield ind1="0" ind2=" " tag="100"><subfield code="a">Basilius Valentinus.</subfield></datafield><datafield ind1="1" ind2=" " tag="400"><subfield code="a">Basilius, Valentinus</subfield></datafield><datafield ind1="0" ind2=" " tag="400"><subfield code="a">Basil Valentine</subfield></datafield><datafield ind1="0" ind2=" " tag="400"><subfield code="a">Basile Valentin</subfield></datafield><datafield ind1="0" ind2=" " tag="400"><subfield code="a">Bazile Valentin</subfield></datafield><datafield ind1="0" ind2=" " tag="400"><subfield code="a">Basil Valentinus</subfield></datafield><datafield ind1="0" ind2=" " tag="400"><subfield code="a">Basilio Valentino</subfield></datafield><datafield ind1="0" ind2=" " tag="400"><subfield code="a">Basilius Vincentinus</subfield></datafield><datafield ind1="1" ind2=" " tag="400"><subfield code="a">Valentinus, Basilius</subfield></datafield><datafield ind1="1" ind2=" " tag="500"><subfield code="a">Thölde, Johannes</subfield></datafield><datafield ind1=" " ind2=" " tag="670"><subfield code="a">His The triumphal chariot reexamined, 1983:</subfield><subfield code="b">t.p. (Basil Valentine's) p. 1, etc. (Brother Basil Valentine of the Benedictine Order; a monk at St. Peter's monastery at Erfurt; probably late 15th and early 16th cent.)</subfield></datafield><datafield ind1=" " ind2=" " tag="670"><subfield code="a">LC data base, 4-4-84</subfield><subfield code="b">(hdg.: Basilius Valentinus; usage: Basilius Valentinus, Basile Valentin)</subfield></datafield><datafield ind1=" " ind2=" " tag="670"><subfield code="a">Neue dt. Biog., 1953</subfield><subfield code="b">(Basilius Valentinus; scientist &amp; physician, monk at St. Peterskloster, Erfurt, ca. 1413)</subfield></datafield><datafield ind1=" " ind2=" " tag="670"><subfield code="a">Delaney, J.J. Dict. of Cath. biog., c1961:</subfield><subfield code="b">p. 1117 (Thölde, Johannes (17th cent.); chemist; pretended his chemical publs. were no more than translations from a "German monk," Basilius Valentinus, whose name he created)</subfield></datafield><datafield ind1=" " ind2=" " tag="670"><subfield code="a">UnM/Wing files</subfield><subfield code="b">(usages: Bazile Valentin; Basil Valentinus)</subfield></datafield><datafield ind1=" " ind2=" " tag="670"><subfield code="a">Azoth, c1988:</subfield><subfield code="b">t.p. (Basilio Valentino) p. 7 (Basilius Vincentinus)</subfield></datafield></record>